@book{Sommerville:2010:SE:1841764,
 author = {Sommerville, Ian},
 title = {Software Engineering},
 year = {2010},
 isbn = {0137035152, 9780137035151},
 edition = {9th},
 publisher = {Addison-Wesley Publishing Company},
 address = {USA},
} 

@book{Pohl:2010:REF:1869735,
 author = {Pohl, Klaus},
 title = {Requirements Engineering: Fundamentals, Principles, and Techniques},
 year = {2010},
 isbn = {3642125778, 9783642125775},
 edition = {1st},
 publisher = {Springer Publishing Company, Incorporated},
} 

@book{Rumbaugh:2004:UML:993859,
 author = {Rumbaugh, James and Jacobson, Ivar and Booch, Grady},
 title = {Unified Modeling Language Reference Manual, The (2Nd Edition)},
 year = {2004},
 isbn = {0321245628},
 publisher = {Pearson Higher Education},
} 